@ARTICLE{5209958,
  author={Coussy, Philippe and Gajski, Daniel D. and Meredith, Michael and Takach, Andres},
  journal={IEEE Design & Test of Computers}, 
  title={An Introduction to High-Level Synthesis}, 
  year={2009},
  volume={26},
  number={4},
  pages={8-17},
  keywords={High level synthesis;Assembly;Application software;Circuit simulation;Design methodology;Space exploration;Computer architecture;Design optimization;Hardware design languages;Circuit synthesis;high-level synthesis;RTL abstraction;custom processors;hardware synthesis and verification;architectures;design and test},
  doi={10.1109/MDT.2009.69}}


@misc{aminzadeh2006using,
  title={Using genetic algorithm for high-level synthesis},
  author={Aminzadeh, Soheil},
  year={2006},
  publisher={Citeseer}
}
@ARTICLE{31534,
  author={Devadas, S. and Newton, A.R.},
  journal={IEEE Transactions on Computer-Aided Design of Integrated Circuits and Systems}, 
  title={Algorithms for hardware allocation in data path synthesis}, 
  year={1989},
  volume={8},
  number={7},
  pages={768-781},
  keywords={Hardware;Scheduling;Resource management;Arithmetic;Costs;Expert systems;Signal processing algorithms;Registers;Mathematical model},
  doi={10.1109/43.31534}}
@INPROCEEDINGS{8252679,
  author={Wang, Nan and Wang, Hengxiao and Jin, Yue and Ye, Jiongyao},
  booktitle={2017 IEEE 12th International Conference on ASIC (ASICON)}, 
  title={Integrating operation scheduling and binding for functional unit power-gating in high-level synthesis}, 
  year={2017},
  volume={},
  number={},
  pages={1129-1132},
  keywords={Clocks;Algorithm design and analysis;Delays;Job shop scheduling;Switches;Leakage energy;power gating;scheduling and binding;functional unit},
  doi={10.1109/ASICON.2017.8252679}}
@INPROCEEDINGS{681007,
  author={Bright, M.S. and Arslan, T.},
  booktitle={Second International Conference On Genetic Algorithms In Engineering Systems: Innovations And Applications}, 
  title={A genetic algorithm for the high-level synthesis of DSP systems for low power}, 
  year={1997},
  volume={},
  number={},
  pages={174-179},
  keywords={},
  doi={10.1049/cp:19971176}}
@inproceedings{daalder1996high,
  title={High-level synthesis optimisation with genetic algorithms},
  author={Daalder, Jem and Eklund, Peter W and Ohmori, Kenji},
  booktitle={Pacific Rim International Conference on Artificial Intelligence},
  pages={276--287},
  year={1996},
  organization={Springer}
}